<?xml version="1.0" encoding="UTF-8"?><collection xmlns="http://www.loc.gov/MARC21/slim"><record><leader>00522nam--2200193-u-4500</leader><controlfield tag="001">000052763</controlfield><controlfield tag="002">20161230</controlfield><controlfield tag="005">20161230201050</controlfield><controlfield tag="008">101013s1000------------r-----000-0-eng-d</controlfield><datafield ind1=" " ind2=" " tag="020"><subfield code="a">8304001047</subfield></datafield><datafield ind1=" " ind2=" " tag="040"><subfield code="a">IFIN-HH</subfield></datafield><datafield ind1=" " ind2=" " tag="080"><subfield code="a">534:535.33(061.3)</subfield></datafield><datafield ind1="1" ind2=" " tag="100"><subfield code="a">Kawski, Alfons</subfield></datafield><datafield ind1="1" ind2="0" tag="245"><subfield code="a">Acoustics and Spectroscopy</subfield><subfield code="c">Alfons Kawski, Antoni Sliwinski (eds.)</subfield></datafield><datafield ind1=" " ind2=" " tag="260"><subfield code="a">Gdansk</subfield><subfield code="b">Polskiej Akademii Nauk</subfield><subfield code="c">1979</subfield></datafield><datafield ind1=" " ind2=" " tag="300"><subfield code="a">268 p</subfield></datafield><datafield ind1="1" ind2=" " tag="700"><subfield code="a">Sliwinski, Antoni</subfield></datafield><datafield ind1=" " ind2=" " tag="852"><subfield code="a">75749</subfield><subfield code="c">534</subfield></datafield><datafield ind1=" " ind2=" " tag="CAT"><subfield code="a">Sys</subfield><subfield code="c">20101013</subfield><subfield code="h">102107</subfield></datafield></record></collection>